@book{mandelbrot1982fractal,
  title={The fractal geometry of nature},
  author={Mandelbrot, Benoit B},
  volume={1},
  year={1982},
  publisher={WH freeman New York}
}
@book{Feder1988,
  title = {Fractals},
  ISBN = {9781489921246},
  url = {http://dx.doi.org/10.1007/978-1-4899-2124-6},
  DOI = {10.1007/978-1-4899-2124-6},
  publisher = {Springer US},
  author = {Feder,  Jens},
  year = {1988}
}
@article{claps1996reexamining,
  title={Reexamining the determination of the fractal dimension of river networks},
  author={Claps, Pierluigi and Oliveto, Giuseppe},
  journal={Water Resources Research},
  volume={32},
  number={10},
  pages={3123--3135},
  year={1996},
  publisher={Wiley Online Library}
}
@article{tarboton1988fractal,
  title={The fractal nature of river networks},
  author={Tarboton, David G and Bras, Rafael L and Rodriguez-Iturbe, Ignacio},
  journal={Water resources research},
  volume={24},
  number={8},
  pages={1317--1322},
  year={1988},
  publisher={Wiley Online Library}
}
@article{beauvais1997channel,
  title={Are channel networks statistically self-similar?},
  author={Beauvais, Anicet A and Montgomery, David R},
  journal={Geology},
  volume={25},
  number={12},
  pages={1063--1066},
  year={1997},
  publisher={Geological Society of America}
}
@article{maritan1996scaling,
  title={Scaling laws for river networks},
  author={Maritan, Amos and Rinaldo, Andrea and Rigon, Riccardo and Giacometti, Achille and Rodr{\'\i}guez-Iturbe, Ignacio},
  journal={Physical review E},
  volume={53},
  number={2},
  pages={1510},
  year={1996},
  publisher={APS}
}
@article{maritan1996scaling,
  title={Scaling laws for river networks},
  author={Maritan, Amos and Rinaldo, Andrea and Rigon, Riccardo and Giacometti, Achille and Rodr{\'\i}guez-Iturbe, Ignacio},
  journal={Physical review E},
  volume={53},
  number={2},
  pages={1510},
  year={1996},
  publisher={APS}
}
@article{braun2013very,
  title={A very efficient O (n), implicit and parallel method to solve the stream power equation governing fluvial incision and landscape evolution},
  author={Braun, Jean and Willett, Sean D},
  journal={Geomorphology},
  volume={180},
  pages={170--179},
  year={2013},
  publisher={Elsevier}
}